<record><leader>00000cas a2200000 a 4500</leader><controlfield tag="001">18068840</controlfield><controlfield tag="008">880610d19721990wausr ne      0   a0eng d</controlfield><datafield ind1=" " ind2=" " tag="010"><subfield code="a">sn 88085639 </subfield><subfield code="z">sn 80002142 </subfield></datafield><datafield ind1=" " ind2=" " tag="040"><subfield code="a">SLZ</subfield><subfield code="b">eng</subfield><subfield code="c">SLZ</subfield><subfield code="d">NST</subfield><subfield code="d">NSD</subfield><subfield code="d">OCL</subfield><subfield code="d">NST</subfield><subfield code="d">OCLCQ</subfield><subfield code="d">OCLCF</subfield><subfield code="d">OCLCO</subfield></datafield><datafield ind1=" " ind2=" " tag="012"><subfield code="i">9007</subfield><subfield code="j">0</subfield><subfield code="k">1</subfield><subfield code="m">d</subfield></datafield><datafield ind1=" " ind2=" " tag="019"><subfield code="a">6729687</subfield></datafield><datafield ind1="0" ind2=" " tag="022"><subfield code="a">0274-9645</subfield><subfield code="l">0274-9645</subfield><subfield code="2">1</subfield></datafield><datafield ind1="1" ind2=" " tag="029"><subfield code="a">AU@</subfield><subfield code="b">000024166986</subfield></datafield><datafield ind1=" " ind2=" " tag="042"><subfield code="a">msc</subfield><subfield code="a">nsdp</subfield></datafield><datafield ind1=" " ind2=" " tag="043"><subfield code="a">n-us-wa</subfield></datafield><datafield ind1="1" ind2="0" tag="082"><subfield code="a">629</subfield><subfield code="2">12</subfield></datafield><datafield ind1="0" ind2=" " tag="130"><subfield code="a">Western flyer (Tacoma, Wash.)</subfield></datafield><datafield ind1="0" ind2=" " tag="210"><subfield code="a">West. flyer</subfield><subfield code="b">(Tacoma Wash.)</subfield></datafield><datafield ind1=" " ind2="0" tag="222"><subfield code="a">Western flyer</subfield><subfield code="b">(Tacoma, Wash.)</subfield></datafield><datafield ind1="1" ind2="0" tag="245"><subfield code="a">Western flyer.</subfield></datafield><datafield ind1=" " ind2=" " tag="260"><subfield code="a">Tacoma, Wash. :</subfield><subfield code="b">Western flyer</subfield></datafield><datafield ind1=" " ind2=" " tag="300"><subfield code="a">v.</subfield></datafield><datafield ind1=" " ind2=" " tag="310"><subfield code="a">Semimonthly</subfield></datafield><datafield ind1="0" ind2=" " tag="362"><subfield code="a">Vol. 13, no. 13 (Sept. 11, 1972)-</subfield></datafield><datafield ind1=" " ind2="0" tag="650"><subfield code="a">Aeronautics</subfield><subfield code="z">West (U.S.)</subfield><subfield code="v">Periodicals.</subfield></datafield><datafield ind1=" " ind2="0" tag="650"><subfield code="a">Private flying</subfield><subfield code="z">West (U.S.)</subfield><subfield code="v">Periodicals.</subfield></datafield><datafield ind1=" " ind2="0" tag="651"><subfield code="a">Tacoma (Wash.)</subfield><subfield code="v">Newspapers.</subfield></datafield><datafield ind1=" " ind2="7" tag="655"><subfield code="a">Newspapers.</subfield><subfield code="2">fast</subfield><subfield code="0">(OCoLC)fst01423814</subfield></datafield><datafield ind1=" " ind2="7" tag="655"><subfield code="a">Periodicals.</subfield><subfield code="2">fast</subfield><subfield code="0">(OCoLC)fst01411641</subfield></datafield><datafield ind1=" " ind2="7" tag="650"><subfield code="a">Aeronautics.</subfield><subfield code="2">fast</subfield><subfield code="0">(OCoLC)fst00798293</subfield></datafield><datafield ind1=" " ind2="7" tag="650"><subfield code="a">Private flying.</subfield><subfield code="2">fast</subfield><subfield code="0">(OCoLC)fst01077482</subfield></datafield><datafield ind1=" " ind2="7" tag="651"><subfield code="a">United States, West.</subfield><subfield code="2">fast</subfield><subfield code="0">(OCoLC)fst01243255</subfield></datafield><datafield ind1=" " ind2="7" tag="651"><subfield code="a">Washington (State)</subfield><subfield code="z">Tacoma.</subfield><subfield code="2">fast</subfield><subfield code="0">(OCoLC)fst01205636</subfield></datafield><datafield ind1=" " ind2=" " tag="752"><subfield code="a">United States</subfield><subfield code="b">Washington</subfield><subfield code="c">Pierce</subfield><subfield code="d">Tacoma.</subfield></datafield><datafield ind1="0" ind2="0" tag="780"><subfield code="t">Northwest flyer (Parkland, Wash.)</subfield><subfield code="w">(DLC)sn 88085640</subfield><subfield code="w">(OCoLC)18068904</subfield></datafield><datafield ind1="0" ind2="5" tag="780"><subfield code="t">General aviation news</subfield><subfield code="x">0191-927X</subfield><subfield code="w">(DLC)sn 79004310</subfield><subfield code="w">(OCoLC)3989556</subfield></datafield><datafield ind1="0" ind2="0" tag="785"><subfield code="t">General avaiation news &amp; flyer</subfield><subfield code="x">1052-9136</subfield><subfield code="w">(DLC)sn 90004044</subfield><subfield code="w">(OCoLC)22380177</subfield></datafield><datafield ind1=" " ind2=" " tag="850"><subfield code="a">CU-A</subfield><subfield code="a">InLP</subfield></datafield></record>